
@misc{gorgas_tema_nodate,
	title = {Tema 1: {Introducción} al paquete de software {R}},
	url = {https://www.ucm.es/data/cont/docs/339-2016-09-29-Introduccion%20a%20R_v1617.pdf},
	author = {Gorgas, Javier and Cardiel, Nicolás},
	file = {Gorgas_Cardiel_Tema 1.pdf:C\:\\Users\\saort\\Zotero\\storage\\ZG4H622C\\Gorgas_Cardiel_Tema 1.pdf:application/pdf},
}

@incollection{hernandez_tipos_2021,
	title = {Tipos de objetos},
	url = {https://fhernanb.github.io/Manual-de-R/objetos.html},
	booktitle = {Manual de {R}},
	author = {Hernández, Freddy and Usuga, Olga},
	month = jul,
	year = {2021},
}

@incollection{hernandez_introduccion_2021,
	title = {Introducción},
	url = {https://fhernanb.github.io/Manual-de-R/},
	booktitle = {Manual de {R}},
	author = {Hernández, Freddy and Usuga, Olga},
	month = jul,
	year = {2021},
}

@article{paradis_r_2013,
	title = {R for {Beginners}},
	author = {Paradis, Emmanuel},
	year = {2013},
	pages = {1--52},
	file = {Paradis - 2013 - R for Beginners.pdf:C\:\\Users\\saort\\Zotero\\storage\\HCFWNL6T\\Paradis - 2013 - R for Beginners.pdf:application/pdf},
}

@incollection{zuur_ch_2009,
	address = {New York, NY},
	title = {Ch. 2: {Getting} {Data} into {R}},
	isbn = {978-0-387-93836-3 978-0-387-93837-0},
	url = {http://link.springer.com/10.1007/978-0-387-93837-0_2},
	language = {en},
	urldate = {2023-03-29},
	booktitle = {A {Beginner}'s {Guide} to {R}},
	publisher = {Springer New York},
	author = {Zuur, Alain F. and Ieno, Elena N. and Meesters, Erik},
	collaborator = {Zuur, Alain F. and Ieno, Elena N. and Meesters, Erik},
	year = {2009},
	doi = {10.1007/978-0-387-93837-0_2},
	pages = {29--56},
}

@book{zuur_beginners_2009,
	address = {New York, NY},
	title = {A {Beginner}'s {Guide} to {R}},
	isbn = {978-0-387-93836-3 978-0-387-93837-0},
	url = {http://link.springer.com/10.1007/978-0-387-93837-0},
	language = {en},
	urldate = {2023-03-29},
	publisher = {Springer New York},
	author = {Zuur, Alain F. and Ieno, Elena N. and Meesters, Erik},
	year = {2009},
	doi = {10.1007/978-0-387-93837-0},
	file = {Zuur et al._2009_A Beginner's Guide to R.pdf:C\:\\Users\\saort\\Zotero\\storage\\FHA2XGFU\\Zuur, Ieno, Meesters - 2009 - A Beginner's Guide to R.pdf:application/pdf},
}

@book{schumacker_understanding_2013,
	address = {New York, NY},
	title = {Understanding statistics using {R}},
	isbn = {978-1-4614-6226-2},
	abstract = {This book was written as a supplemental text for use with introductory or intermediate statistics books. The content of each chapter is appropriate for any undergraduate or graduate level statistics course. The chapters are ordered along the lines of many popular statistics books so it should be easy to supplement the chapter content and exercises with your statistics books and lecture materials. The content of each chapter was written to enrich a students' understanding of statistics using R simulation programs. The chapter exercises reinforce an understanding of the statistical concepts presented in the chapters."-},
	publisher = {Springer},
	author = {Schumacker, Randall E. and Tomek, Sara},
	year = {2013},
	note = {OCLC: ocn813946618},
	file = {Schumacker_Tomek_2013_Understanding Statistics Using R.pdf:C\:\\Users\\saort\\Zotero\\storage\\DKIXSHS2\\Schumacker, Tomek - 2013 - Understanding Statistics Using R.pdf:application/pdf},
}

@book{field_discovering_2012,
	address = {Los Angeles London New Delhi Singapore Washington, DC},
	title = {Discovering statistics using {R}},
	isbn = {978-1-4462-8913-6 978-1-4462-0045-2 978-1-4462-0046-9},
	language = {eng},
	publisher = {Sage},
	author = {Field, Andy and Miles, Jeremy and Field, Zoë},
	year = {2012},
	file = {Field et al._2012_Discovering statistics using R.pdf:C\:\\Users\\saort\\Zotero\\storage\\584RBHZZ\\Field, Miles, Field - 2012 - Discovering statistics using R.pdf:application/pdf},
}

@incollection{dalgaard_ch_2008,
	address = {New York, NY},
	title = {Ch. 4: {Descriptive} statistics and graphics},
	isbn = {978-0-387-79053-4 978-0-387-79054-1},
	url = {https://link.springer.com/10.1007/978-0-387-79054-1_4},
	language = {en},
	urldate = {2023-03-29},
	booktitle = {Introductory {Statistics} with {R}},
	publisher = {Springer New York},
	author = {Dalgaard, Peter},
	collaborator = {Dalgaard, Peter},
	year = {2008},
	doi = {10.1007/978-0-387-79054-1_4},
	note = {Series Title: Statistics and Computing},
	pages = {67--94},
}

@incollection{dalgaard_ch_2008-1,
	address = {New York, NY},
	title = {Ch. 3: {Probability} and distributions},
	isbn = {978-0-387-79053-4 978-0-387-79054-1},
	url = {http://link.springer.com/10.1007/978-0-387-79054-1_3},
	urldate = {2023-03-29},
	booktitle = {Introductory {Statistics} with {R}},
	publisher = {Springer New York},
	author = {Dalgaard, Peter},
	collaborator = {Dalgaard, Peter},
	year = {2008},
	doi = {10.1007/978-0-387-79054-1_3},
	note = {Series Title: Statistics and Computing},
	pages = {55--65},
}

@book{dalgaard_introductory_2008,
	address = {New York, NY},
	series = {Statistics and {Computing}},
	title = {Introductory {Statistics} with {R}},
	isbn = {978-0-387-79053-4 978-0-387-79054-1},
	url = {https://link.springer.com/10.1007/978-0-387-79054-1},
	language = {en},
	urldate = {2023-03-29},
	publisher = {Springer New York},
	author = {Dalgaard, Peter},
	year = {2008},
	doi = {10.1007/978-0-387-79054-1},
	keywords = {Introduction to statistics, R},
	file = {Dalgaard_2008_Introductory Statistics with R.pdf:C\:\\Users\\saort\\Zotero\\storage\\N5S39FK4\\Dalgaard_2008_Introductory Statistics with R.pdf:application/pdf},
}

@incollection{beaujean_introduction_2014,
	address = {New York},
	title = {Introduction to {R}},
	booktitle = {Latent {Variable} {Modeling} {Using} {R}},
	publisher = {Routledge},
	author = {Beaujean, A. Alexander},
	year = {2014},
	keywords = {R},
	pages = {1--33},
	file = {Beaujean - 2014 - Introduction to R.pdf:C\:\\Users\\saort\\Zotero\\storage\\AD4TXCNE\\Beaujean - 2014 - Introduction to R.pdf:application/pdf},
}

@book{moore_estadistica_2005,
	title = {Estadística aplicada básica, 2a ed.},
	isbn = {978-84-95348-04-3},
	abstract = {Estadística aplicada básica, 2a. ed., un libro elemental por el nivel de matemáticas exigido y los procedimientos estadísticos discutidos, es un texto pensado para el principiante, y para toda persona interesada en la aplicación de las nociones básicas de la estadística a la comprensión de los datos de su especialidad. Multitud de ejemplos y ejercicios con datos de economía, sociología, farmacología, epidemiología, psicología, física, geología, ...hacen de este libro el texto preferido de multitud de estudiantes en todo el mundo. Sin duda es un libro profundo en el análisis de las principales ideas estadísticas y promueve el desarrollo de las habilidades prácticas del lector para ayudarle a trabajar con datos. Esta segunda edición constituye una profunda revisión de la primera, y facilita aún más la comprensión de los conceptos estadísticos básicos. Traducción de Jordi Comas, profesor de la Universitat Pompeu Fabra.},
	language = {es},
	publisher = {Antoni Bosch editor},
	author = {Moore, David S.},
	month = sep,
	year = {2005},
	note = {Google-Books-ID: oqOCiEyEjYcC},
	keywords = {Business \& Economics / Economics / General},
}

@book{ritchey_estadistica_2008,
	title = {{ESTADÍSTICA} {PARA} {LAS} {CIENCIAS} {SOCIALES}},
	isbn = {978-970-10-6699-7},
	abstract = {Incluye tareas para trabajar en computadora con el CD incluido que contiene el SPSS v. 14 para el estudiante. El autor enseña que la estadística es un sistema de trabajo y otra manera de ver la realidad. Encuadra la estadística en el ámbito de la investigación y de la prueba de hipótesis.},
	language = {es},
	publisher = {McGraw-Hill Interamericana de España S.L.},
	author = {Ritchey, Ferris J.},
	month = mar,
	year = {2008},
	keywords = {Social Science / Sociology / General},
}

@book{newbold_estadistica_2008,
	title = {Estadística para administración y economía},
	isbn = {978-84-8322-403-8},
	language = {es},
	publisher = {Pearson Educación},
	author = {Newbold, Paul and Carlson, William L. and Thorne, Betty M.},
	year = {2008},
	note = {Google-Books-ID: I8qTPgAACAAJ},
	keywords = {Mathematics / Probability \& Statistics / General},
}
